@inproceedings{liu2017machine,
  title={Machine-learning aided peer prediction},
  author={Liu, Yang and Chen, Yiling},
  booktitle={Proceedings of the 2017 ACM Conference on Economics and Computation},
  pages={63--80},
  year={2017},
  organization={ACM}
}

@article{agarwal2017,
  title={Peer Prediction with Heterogeneous Users},
  author={Agarwal, Arpit and Mandal, Debmalya and Parkes, David C and Shah, Nisarg},
  year={2017}
}

@inproceedings{witkowski2017proper,
  title={Proper Proxy Scoring Rules.},
  author={Witkowski, Jens and Atanasov, Pavel and Ungar, Lyle H and Krause, Andreas},
  booktitle={AAAI},
  pages={743--749},
  year={2017}
}

@article{shnayder2016measuring,
  title={Measuring performance of peer prediction mechanisms using replicator dynamics},
  author={Shnayder, Victor and Frongillo, Rafael and Parkes, David C},
  year={2016}
}

@inproceedings{shnayder2016informed,
  title={Informed truthfulness in multi-task peer prediction},
  author={Shnayder, Victor and Agarwal, Arpit and Frongillo, Rafael and Parkes, David C},
  booktitle={Proceedings of the 2016 ACM Conference on Economics and Computation},
  pages={179--196},
  year={2016},
  organization={ACM}
}

@inproceedings{von2004labeling,
  title={Labeling images with a computer game},
  author={Von Ahn, Luis and Dabbish, Laura},
  booktitle={Proceedings of the SIGCHI conference on Human factors in computing systems},
  pages={319--326},
  year={2004},
  organization={ACM}
}

@inproceedings{radanovic2015incentive,
  title={Incentive schemes for participatory sensing},
  author={Radanovic, Goran and Faltings, Boi},
  booktitle={Proceedings of the 2015 International Conference on Autonomous Agents and Multiagent Systems},
  pages={1081--1089},
  year={2015},
  organization={International Foundation for Autonomous Agents and Multiagent Systems}
}

@inproceedings{ungar2012good,
  title={The Good Judgment Project: A Large Scale Test of Different Methods of Combining Expert Predictions.},
  author={Ungar, Lyle H and Mellers, Barbara A and Satop{\"a}{\"a}, Ville and Tetlock, Philip and Baron, Jon},
  booktitle={AAAI Fall Symposium: Machine Aggregation of Human Judgment},
  year={2012}
}

@article{dawid1979maximum,
  title={Maximum likelihood estimation of observer error-rates using the EM algorithm},
  author={Dawid, Alexander Philip and Skene, Allan M},
  journal={Applied statistics},
  pages={20--28},
  year={1979},
  publisher={JSTOR}
}

@article{anandkumar2014tensor,
  title={Tensor decompositions for learning latent variable models},
  author={Anandkumar, Animashree and Ge, Rong and Hsu, Daniel and Kakade, Sham M and Telgarsky, Matus},
  journal={Journal of Machine Learning Research},
  volume={15},
  pages={2773--2832},
  year={2014},
  publisher={Journal of Machine Learning Research}
}

@article{zhang2016spectral,
  title={Spectral methods meet EM: A provably optimal algorithm for crowdsourcing},
  author={Zhang, Yuchen and Chen, Xi and Zhou, Dengyong and Jordan, Michael I},
  journal={The Journal of Machine Learning Research},
  volume={17},
  number={1},
  pages={3537--3580},
  year={2016},
  publisher={JMLR. org}
}

@article{kula2015metadata,
  title={Metadata embeddings for user and item cold-start recommendations},
  author={Kula, Maciej},
  journal={arXiv preprint arXiv:1507.08439},
  year={2015}
}