@inproceedings{liu2017machine,
  title={Machine-learning aided peer prediction},
  author={Liu, Yang and Chen, Yiling},
  booktitle={Proceedings of the 2017 ACM Conference on Economics and Computation},
  pages={63--80},
  year={2017},
  organization={ACM}
}

@article{agarwal2017peer,
  title={Peer Prediction with Heterogeneous Users},
  author={AGARWAL, ARPIT and MANDAL, DEBMALYA and PARKES, DAVID C and SHAH, NISARG},
  year={2017}
}

@inproceedings{witkowski2017proper,
  title={Proper Proxy Scoring Rules.},
  author={Witkowski, Jens and Atanasov, Pavel and Ungar, Lyle H and Krause, Andreas},
  booktitle={AAAI},
  pages={743--749},
  year={2017}
}

@article{shnayder2016measuring,
  title={Measuring performance of peer prediction mechanisms using replicator dynamics},
  author={Shnayder, Victor and Frongillo, Rafael and Parkes, David C},
  year={2016}
}